@article{ton.20,
  title = {{PrimaVera}: {Synergising} predictive maintenance},
  author = {Ton, Bram and Basten, Rob and Bolte, John and Braaksma, Jan and family={Di Bucchianico},given={Alessandro} and prefix={van de},family={Calseyde},given={Philippe} and Grooteman, Frank and Heskes, Tom and Jansen, Nils and Teeuw, Wouter and Tinga, Tiedo and Stoelinga, Mari\"{e}lle},
  journal = {Applied Sciences},
  publisher={MDPI},
  volume = {10},
  number = {23},
  eid = {8348},
  year = {2020},
  license = {CC BY 4.0},
  doi = {10.3390/app10238348}
}

@article{ton2022semantic,
  title={Semantic segmentation of terrestrial laser scans of railway catenary arches: {A} use case perspective},
  author={Ton, Bram and Ahmed, Faizan and Linssen, Jeroen},
  journal={Sensors},
  volume={23},
  number = {1},
  eid = {222},
  year={2022},
  publisher={MDPI},
  license = {CC BY 4.0},
  doi={10.3390/s23010222}
}

@article{dekker23,
  author={Dekker, Bram and Ton, Bram and Meijer, Joanneke and Bouali, Nacir and Linssen, Jeroen and Ahmed, Faizan},
  journal={IEEE Access}, 
  title={Point cloud analysis of railway infrastructure: {A} systematic literature review}, 
  year={2023},
  volume={11},
  pages = {134355--134373},
  license = {CC BY-NC-ND 4.0},
  doi={10.1109/ACCESS.2023.3337049}
}

@article{ton24objdet,
  author={Ton, Bram and Akster, Rick},
  journal={tbd}, 
  title={Large scale asset detection within railway scene point cloud data}, 
  year={2024},
}

@inproceedings{ton2024imvis,
  author={Ton, Bram and Tempert, Niek and Plass, Danny},
  booktitle={10th International Conference on Virtual Reality (ICVR)},
  publisher={IEEE},  
  title={Immersive visualisation of point cloud data of railway environments}, 
  eventdate={2024-07-24/2024-07-26},
  location={Bournemouth, United Kingdom},
}

@dataset{ton2022labelled,
  author = {Ton, Bram and {Strukton Rail}},
  title = {Labelled high resolution point cloud dataset of 15 catenary arches in the {Netherlands}},
  publisher = {4TU.ResearchData},
  year = {2022},
  license = {CC BY 4.0},
  doi = {10.4121/17048816.v1}
}

@dataset{ton2024dataset,
  author = {Ton, Bram and {Strukton Rail}},
  title = {Annotated mobile laser scans of the {Dutch} railway environment},
  publisher = {4TU.ResearchData},
  year = {2024},
  license = {CC BY-NC 4.0},
  doi = {10.4121/fa259c52-a585-420c-8a0c-af5e91518e29.v1}
}

@inproceedings{ton13,
  author={Ton, B. and Veldhuis, R. N. J.},
  booktitle={International Conference on Biometrics (ICB)},
  publisher={IEEE},
  title={A high quality finger vascular pattern dataset collected using a custom designed capturing device}, 
  eventdate={2013-06-04/2013-06-07},
  location={Madrid, Spain},
  doi={10.1109/ICB.2013.6612966}
}