@report{LASspec,
  author = {{American Society for Photogrammetry and Remote Sensing}},
  booktitle = {Standard},
  date = {2013-07},
  title = {{LAS Specification Version 1.4-R13}},
  type = {techreport},
}

@article{arastounia2017enhanced,
  author = {Arastounia, M.},
  date = {2017},
  doi = {10.3390/infrastructures2020008},
  journaltitle = {Infrastructures},
  volume = {2},
  number = {2},
  eid = {8},
  title = {An enhanced algorithm for concurrent recognition of rail tracks and power cables from terrestrial and airborne {LiDAR} point clouds},
}

@article{arastounia2015automated,
  author = {Arastounia, M.},
  date = {2015},
  doi = {10.3390/rs71114916},
  journaltitle = {Remote Sensing},
  volume = {7},
  number = {11},
  pages = {14916--14938},
  title = {Automated recognition of railroad infrastructure in rural areas from {LiDAR} data},
}

@article{arastounia2016application,
  author = {Arastounia, M. and given={Sander}, family={Oude Elberink}},
  date = {2016},
  doi = {10.3390/s16122112},
  journaltitle = {Sensors},
  volume = {16},
  number = {12},
  eid = {2112},
  title = {Application of template matching for improving classification of urban railroad point clouds},
}

@article{ariyachandra2020detection,
  author = {Mahendrini Fernando Ariyachandra and Ioannis Brilakis},
  date = {2020-09},
  doi  = {10.17863/CAM.51438},
  journaltitle = {Journal of Construction Engineering and Management},
  title = {Detection of railway masts in airborne {LiDAR} data},
  volume = {146},
}

@inproceedings{ariyachandra2020digital,
  author = {Mahendrini Fernando Ariyachandra and Ioannis Brilakis},
  booktitle = {Proceedings of the 37th International Symposium on Automation and Robotics in Construction (ISARC)},
  editor = {Osumi, Hisashi and Furuya, Hiroshi and Tateyama, Kazuyoshi},
  publisherNO = {International Association for Automation and Robotics in Construction (IAARC)},
  eventdate = {2020-10-27/2020-10-28},
  location = {Kitakyushu, Japan},
  doi = {10.22260/ISARC2020/0174},
  pages = {1270--1277},
  title = {Digital twinning of railway overhead line equipment from airborne {LiDAR} data},
}

@inproceedings{armeni.16,
  author = {Armeni, Iro and Sener, Ozan and Zamir, Amir R and Jiang, Helen and Brilakis, Ioannis and Fischer, Martin and Savarese, Silvio},
  booktitle = {IEEE Conference on Computer Vision and Pattern Recognition (CVPR)},
  eventdate = {2016-06-27/2016-06-30},
  location = {Las Vegas, NV, USA},
  pages = {1534--1543},
  doi = {10.1109/CVPR.2016.170},
  title = {{3D} semantic parsing of large-scale indoor spaces supplementary material},
}

@online{acm,
  author = {{Association for Computing Machinery}},
  url = {https://dl.acm.org},
  title = {{ACM} Digital Library},
  urldate = {2023-02-02},
}

@article{baltruvsaitis2018multimodal,
  author = {Baltrušaitis, Tadas and Ahuja, Chaitanya and Morency, Louis-Philippe},
  publisher = {IEEE},
  date = {2019},
  journaltitle = {IEEE Transactions on Pattern Analysis and Machine Intelligence},
  pages = {423--443},
  title = {Multimodal machine learning: {A} survey and taxonomy},
  volume = {41},
  number = {2},
  doi = {10.1109/TPAMI.2018.2798607},
}

@article{Baltsavias1999,
  author = {Baltsavias, E. P.},
  publisher = {Elsevier},
  date = {1999},
  doi = {10.1016/S0924-2716(99)00014-3},
  journaltitle = {ISPRS Journal of photogrammetry and Remote Sensing},
  pages = {83--94},
  title = {A comparison between photogrammetry and laser scanning},
  volume = {54},
  number = {2},
}

@article{qhull,
  author = {Barber, C. Bradford and Dobkin, David P. and Huhdanpaa, Hannu},
  date = {1996-12},
  doi = {10.1145/235815.235821},
  journaltitle = {ACM Transactions on Mathematical Software},
  number = {4},
  pages = {469--483},
  title = {The quickhull algorithm for convex hulls},
  volume = {22},
}

@article{Barber08,
  author = {Barber, David and Mills, Jon and Smith-Voysey, Sarah},
  date = {2008-01},
  doi = {10.1016/j.isprsjprs.2007.07.005},
  number = {1},
  journaltitle = {ISPRS Journal of Photogrammetry and Remote Sensing},
  pages = {128--141},
  title = {Geometric validation of a ground-based mobile laser scanning system},
  volume = {63},
}

@article{beger2011data,
  author = {Beger, R. and Gedrange, C. and Hecht, R. and Neubert, M.},
  date = {2011},
  doi = {10.1016/j.isprsjprs.2011.09.012},
  journaltitle = {ISPRS Journal of Photogrammetry and Remote Sensing},
  number = {6},
  pages = {40--51},
  title = {Data fusion of extremely high resolution aerial imagery and {LiDAR} data for automated railroad centre line reconstruction},
  volume = {66},
}

@article{bello2020deep,
  author = {Bello, Saifullahi Aminu and Yu, Shangshu and Wang, Cheng and Adam, Jibril Muhmmad and Li, Jonathan},
  date = {2020-05},
  doi = {10.3390/rs12111729},
  volume = {12},
  number = {11},
  eid = {1729},
  journaltitle = {Remote Sensing},
  title = {Review: {Deep} learning on {3D} point clouds},
}

@inproceedings{benhmida2011from,
  author = {Ben Hmida, H. and Cruz, C. and Boochs, F. and Nicolle, C.},
  booktitle = {Proceedings of the International Conference on Knowledge Engineering and Ontology Development (KEOD)},
  eventdate = {2011-10-26/2011-10-29},
  location = {Paris, France},
  doi = {10.5220/0003660002550260},
  pages = {255--260},
  title = {From {3D} point clouds to semantic objects: {An} ontology-based detection approach},
}

@inbook{hmida2012knowledge-driven,
  author = {Ben Hmida, H. and Cruz, C. and Nicolle, C. and Boochs, F.},
  series = {Frontiers in Artificial Intelligence and Applications},
  booktitle = {Advances in Knowledge-Based and Intelligent Information and Engineering Systems},
  date = {2012},
  doi = {10.3233/978-1-61499-105-2-258},
  pages = {258--267},
  title = {Knowledge-driven method for object qualification in {3D} point cloud data},
  volume = {243},
  publisher = {IOS Press},
}

@article{bentley1975multidimensional,
  author = {Bentley, Jon Louis},
  date = {1975},
  doi = {10.1145/361002.361007},
  journaltitle = {Communications of the ACM},
  number = {9},
  pages = {509--517},
  title = {Multidimensional binary search trees used for associative searching},
  volume = {18},
}

@article{Berger17,
  author = {Berger, Matthew and Tagliasacchi, Andrea and Seversky, Lee M. and Alliez, Pierre and Guennebaud, Gaël and Levine, Joshua A. and Sharf, Andrei and Silva, Claudio T.},
  date = {2017},
  doi = {10.1111/cgf.12802},
  journaltitle = {Computer Graphics Forum},
  number = {1},
  pages = {301--329},
  title = {A survey of surface reconstruction from point clouds},
  volume = {36},
}

@article{bizer2009linked,
  author = {Bizer, Christian and Heath, Tom and Berners{-}Lee, Tim},
  date = {2009},
  doi = {10.4018/jswis.2009081901},
  journaltitle = {International Journal on Semantic Web and Information Systems (IJSWIS)},
  number = {3},
  title = {Linked data -- {The} story so far},
  volume = {5},
}

@inproceedings{Bruder14,
  author = {Bruder, Gerd and Steinicke, Frank and N\"{u}chter, Andreas},
  publisherNO = {IEEE},
  booktitle = {IEEE Symposium on 3D User Interfaces (3DUI)},
  eventdate = {2014-03-29/2014-03-30},
  location = {Minneapolis, MN, USA},
  doi = {10.1109/3DUI.2014.6798870},
  title = {Poster: Immersive point cloud virtual environments},
}

@book{Bruijne.05,
  author = {given=Arnoud, prefix=de, family=Bruijne and prefix=van, family=Buren, given=Joop and prefix=van der, family=Marel, given=Hans},
  publisher = {NCG, Nederlandse Commissie voor Geodesie, Netherlands Geodetic Commission, Delft, The Netherlands},
  date = {2005},
  pages = {1--117},
  title = {Geodetic reference frames in the {Netherlands}},
}

@article{budd2021survey,
  author = {Budd, Samuel and Robinson, Emma C. and Kainz, Bernhard},
  publisher = {Elsevier},
  date = {2021-07},
  journaltitle = {Medical Image Analysis},
  eid = {102062},
  title = {A survey on active learning and human-in-the-loop deep learning for medical image analysis},
  volume = {71},
  doi = {10.1016/j.media.2021.102062}
}

@inproceedings{Buettner20,
  author = {Buettner, Ricardo and Baumgartl, Hermann and Konle, Tim and Haag, Patrick},
  publisherNO = {IEEE},
  booktitle = {IEEE Symposium on Industrial Electronics \& Applications (ISIEA)},
  eventdate = {2020-07-17/2020-07-18},
  location = {Penang, Malaysia},
  doi = {10.1109/ISIEA49364.2020.9188211},
  title = {A review of virtual reality and augmented reality literature in healthcare},
}

@article{burton20,
  author = {Burton, Trevor and Heuckelbach, Dennis},
  date = {2020},
  journaltitle = {Permanent Way Institution},
  number = {4},
  pages = {34--37},
  title = {Fugro vegetation control : {A} remote solution for lineside vegetation management},
  volume = {138},
}

@article{burume2021deep,
  author = {Burume, Desire Mulindwa and Du, Shengzhi},
  date = {2021},
  doi = {10.20944/preprints202111.0228.v1},
  eprint = {2021110228},
  eprinttype = {preprints},
  title = {Deep learning methods applied to {3D} point clouds based instance segmentation: {A} review},
}

@article{Buyuksalih20,
  author = {Büyüksalih, Gürcan and Kan, Tuna and Özkan, Gözde Enç and Meriç, Müge and Isın, Lale and Kersten, Thomas P.},
  publisher = {Springer},
  date = {2020},
  doi = {10.1007/s41064-020-00091-3},
  journaltitle = {PFG – Journal of Photogrammetry, Remote Sensing and Geoinformation Science},
  pages = {133--146},
  title = {Preserving the knowledge of the past through virtual visits: {From} {3D} laser scanning to virtual reality Visualisation at the {Istanbul} Çatalca İnceğiz caves},
  volume = {88},
}

@inproceedings{nuscenes20,
  author = {Caesar, Holger and Bankiti, Varun and Lang, Alex H. and Vora, Sourabh and Liong, Venice Erin and Xu, Qiang and Krishnan, Anush and Pan, Yu and Baldan, Giancarlo and Beijbom, Oscar},
  publisherNO = {IEEE},
  booktitle = {IEEE/CVF Conference on Computer Vision and Pattern Recognition (CVPR)},
  eventdate = {2020-06-13/2020-06-19},
  location = {Seattle, WA, USA},
  doi = {10.1109/CVPR42600.2020.01164},
  pages = {11618--11628},
  title = {{nuScenes}: {A} multimodal dataset for autonomous driving},
}

@report{callahan2012close,
  author = {Callahan, Michael Andrew and LeBlanc, Beau and Vreeland, Regan and Bretting, Gerald},
  institution = {SAE Technical Paper},
  date = {2012},
  title = {Close-range photogrammetry with laser scan point clouds},
  type = {techreport},
}

@inproceedings{Chandler15,
  author = {Chandler, Tom and Cordeil, Maxime and Czauderna, Tobias and Dwyer, Tim and Glowacki, Jaroslaw and Goncu, Cagatay and Klapperstueck, Matthias and Klein, Karsten and Marriott, Kim and Schreiber, Falk and Wilson, Elliot},
  publisherNO = {IEEE},
  booktitle = {Big Data Visual Analytics (BDVA)},
  eventdate = {2015-09-22/2015-09-25},
  location = {Hobart, TAS, Australia},
  doi = {10.1109/BDVA.2015.7314296},
  title = {Immersive analytics},
}

@inproceedings{Qi.17.1,
  author = {Charles, R. Qi and Su, Hao and Kaichun, Mo and Guibas, Leonidas J.},
  publisherNO = {IEEE},
  booktitle = {IEEE Conference on Computer Vision and Pattern Recognition (CVPR)},
  eventdate = {2017-07-21/2017-07-26},
  location = {Honolulu, HI, USA},
  doi = {10.1109/CVPR.2017.16},
  pages = {77--85},
  title = {{PointNet}: {Deep} learning on point sets for {3D} classification and segmentation},
}

@inproceedings{chbeir2015detection,
  author = {Chbeir, R. and Ponciano, J. J. and Prudhomme, C. and Tietz, B. and Boochs, F.},
  booktitle = {11th International Conference on Signal-Image Technology \& Internet-Based Systems (SITIS)},
  eventdate = {2015-11-23/2015-11-27},
  location = {Bangkok, Thailand},
  doi = {10.1109/SITIS.2015.86},
  pages = {96--102},
  title = {Detection and isolation of switches in point clouds of the {German} railway network},
}

@article{chen2020deep,
  author = {Chen, Lipei and Xu, Cheng and Lin, Shuai and Li, Siqi and Tu, Xiaohan},
  publisher = {MDPI},
  date = {2020},
  doi = {10.3390/s20082224},
  journaltitle = {Sensors},
  title = {A deep learning-based method for overhead contact system component recognition using mobile {2D LiDAR}},
  volume = {20},
  number = {8},
  eid = {2224},
}

@article{Chen.19,
  author = {Chen, Leihan and Jung, Jaewook and Sohn, Gunho},
  date = {2019-08},
  doi = {10.1109/JSTARS.2019.2918272},
  journaltitle = {IEEE Journal of Selected Topics in Applied Earth Observations and Remote Sensing},
  number = {8},
  pages = {3131--3148},
  title = {Multi-scale hierarchical {CRF} for railway electrification asset classification from mobile laser scanning data},
  volume = {12},
}

@article{chen2021railway,
  author = {Chen, X. and Chen, Z. and Liu, G. and Chen, K. and Wang, L. and Xiang, W. and Zhang, R.},
  date = {2021},
  doi = {10.3390/s21154961},
  journaltitle = {Sensors},
  title = {Railway overhead contact system point cloud classification},
  volume = {21},
  number = {15},
  eid = {4961},
}

@article{cheng2019automatic,
  author = {Cheng, Y. and Qiu, W. and Duan, D.},
  date = {2019},
  doi = {10.1016/j.autcon.2019.102911},
  journaltitle = {Automation in Construction},
  title = {Automatic creation of as-is building information model from single-track railway tunnel point clouds},
  volume = {106},
  eid = {102911}
}

@online{web-of-science,
  author = {Clarivate},
  url = {https://www.webofscience.com},
  title = {Document search - Web of Science Core Collection},
  urldate = {2023-02-02},
}

@article{Combe23,
  author = {Combe, Théo and Chardonnet, Jean-Rémy and Merienne, Frédéric and Ovtcharova, Jivka},
  publisher = {Springer},
  date = {2023-09},
  doi = {10.1007/s10055-023-00787-y},
  number = {3},
  journaltitle = {Virtual Reality},
  pages = {2003--2013},
  title = {{CAVE} and {HMD}: {Distance} perception comparative study},
  volume = {27},
}

@article{Cordeil17,
  author = {Cordeil, Maxime and Dwyer, Tim and Klein, Karsten and Laha, Bireswar and Marriott, Kim and Thomas, Bruce H.},
  date = {2017-01},
  doi = {10.1109/TVCG.2016.2599107},
  number = {1},
  journaltitle = {IEEE Transactions on Visualization and Computer Graphics},
  pages = {441--450},
  title = {Immersive collaborative analysis of network connectivity: {CAVE}-style or head-mounted display?},
  volume = {23},
}

@article{corongiu2018data,
  author = {Corongiu, M and Tucci, G and Santoro, E and Kourounioti, O},
  date = {2018},
  doi = {10.5194/isprs-archives-XLII-4-121-2018},
  pages = {121--127},
  volume = {XLII-4},
  journaltitle = {International Archives of the Photogrammetry, Remote Sensing and Spatial Information Sciences},
  title = {Data integration of different domains in geo-information management: {A} railway infrastructure case study},
}

@article{corongiu2020classification,
  author = {Corongiu, M. and Masiero, A. and Tucci, G.},
  date = {2020},
  doi = {10.5194/isprs-archives-XLIII-B1-2020-219-2020},
  journaltitle = {International Archives of the Photogrammetry, Remote Sensing and Spatial Information Sciences},
  pages = {219--225},
  title = {Classification of railway assets in mobile mapping point clouds},
  volume = {XLIII-B1-2020},
}

@article{cserep2022effective,
  author = {Cserép, M. and Demján, A. and Mayer, F. and Tábori, B. and Hudoba, P.},
  date = {2022},
  doi = {10.5194/isprs-annals-V-2-2022-103-2022},
  journaltitle = {ISPRS Annals of the Photogrammetry, Remote Sensing and Spatial Information Sciences},
  pages = {103--109},
  title = {Effective railroad fragmentation and infrastructure recognition based on dense {LiDAR} point clouds},
  volume = {V-2-2022},
}

@article{cui2020real-time,
  author = {Cui, H. and Li, J. and Hu, Q. and Mao, Q.},
  date = {2020},
  doi = {10.1109/ACCESS.2019.2961686},
  journaltitle = {IEEE Access},
  pages = {61604--61614},
  title = {Real-time inspection system for ballast railway fasteners based on point cloud deep learning},
  volume = {8},
}

@inproceedings{davis21,
  author = {Davis, Calvin and Collins, Jaired and Fraser, Joshua and Zhang, Haoxiang and Yao, Shizeng and Lattanzio, Emily and Balakrishnan, Bimal and Duan, Ye and Calyam, Prasad and Palaniappan, Kannappan},
  publisherNO = {IEEE},
  booktitle = {IEEE International Conference on Big Data (Big Data)},
  eventdate = {2021-12-15/2021-12-18},
  location = {Orlando, FL, USA},
  doi = {10.1109/BigData52589.2021.9671898},
  pages = {5587--5596},
  title = {{3D} modeling of cities for virtual environments},
}

@thesis{dekker2023semi,
  author = {Dekker, Bram},
  institution = {University of Twente},
  date = {2023},
  title = {Semi-supervised point cloud segmentation on railway data},
  type = {mathesis},
}

@inproceedings{Devlin.19,
  author = {Devlin, Jacob and Chang, Ming{-}Wei and Lee, Kenton and Toutanova, Kristina},
  editor = {Burstein, Jill and Doran, Christy and Solorio, Thamar},
  publisherNO = {Association for Computational Linguistics},
  booktitle = {Proceedings of the 2019 Conference of the North American Chapter of the Association for Computational Linguistics: Human Language Technologies (NAACL-HLT)},
  eventdate = {2019-06-02/2019-06-07},
  location = {Minneapolis, MN, USA},
  doi = {10.18653/v1/n19-1423},
  pages = {4171--4186},
  title = {{BERT:} {Pre-training} of deep bidirectional transformers for language understanding},
}

@article{di2021mobile,
  author = {family={Di Stefano}, given={Francesco} and Chiappini, Stefano and Gorreja, Alban and Balestra, Mattia and Pierdicca, Roberto},
  publisher = {Taylor \& Francis},
  date = {2021},
  doi = {10.1080/19475705.2021.1964617},
  journaltitle = {Geomatics, Natural Hazards and Risk},
  number = {1},
  pages = {2387--2429},
  title = {Mobile {3D} scan {LiDAR}: {A} literature review},
  volume = {12},
}

@inproceedings{dibari2021semantic,
  author = {Dibari, P. and Nitti, M. and Maglietta, R. and Castellano, G. and Dimauro, G. and Renò, V.},
  booktitle = {Multimodal Sensing and Artificial Intelligence: Technologies and Applications II},
  titleaddon = {Proceedings of SPIE},
  editor = {Ettore Stella},
  publisher = {SPIE},
  eventdate = {2021-06-21/2021-06-25},
  location = {Online Only, Germany},
  doi = {10.1117/12.2593839},
  title = {Semantic segmentation of multimodal point clouds from the railway context},
  volume = {11785},
  eid = {117850S},
}

@article{dong2020registration,
  author = {Zhen Dong and Fuxun Liang and Bisheng Yang and Yusheng Xu and Yufu Zang and Jianping Li and Yuan Wang and Wenxia Dai and Hongchao Fan and Juha Hyyppä and Uwe Stilla},
  publisher = {Elsevier},
  date = {2020},
  journaltitle = {ISPRS Journal of Photogrammetry and Remote Sensing},
  pages = {327--342},
  title = {Registration of large-scale terrestrial laser scanner point clouds: {A} review and benchmark},
  volume = {163},
  doi = {10.1016/j.isprsjprs.2020.03.013},
}

@inproceedings{Doula22,
  author = {Doula, Achref and Güdelhöfer, Tobias and Mativiienko, Andrii and Mühlhäuser, Max and Guinea, Alejandro Sanchez},
  publisherNO = {Association for Computing Machinery},
  booktitle = {Special Interest Group on Computer Graphics and Interactive Techniques Conference (SIGGRAPH)},
  eventdate = {2022-08-07/2022-08-11},
  location = {Vancouver, BC, Canada},
  doi = {10.1145/3532719.3543249},
  title = {Immersive-labeler: {Immersive} annotation of large-scale {3D} point clouds in virtual reality},
}

@article{Easterling2000,
  author = {Easterling, David R. and Meehl, Gerald A. and Parmesan, Camille and Changnon, Stanley A. and Karl, Thomas R. and Mearns, Linda O.},
  date = {2000-09},
  doi = {10.1126/science.289.5487.2068},
  number = {5487},
  journaltitle = {Science},
  pages = {2068--2074},
  title = {Climate extremes: {Observations}, modeling, and impacts},
  volume = {289},
}

@online{scopus,
  author = {Elsevier},
  url = {https://www.scopus.com},
  title = {Scopus},
  urldate = {2023-02-02},
}

@inproceedings{Ens21,
  author = {Ens, Barrett and Bach, Benjamin and Cordeil, Maxime and Engelke, Ulrich and Serrano, Marcos and Willett, Wesley and Prouzeau, Arnaud and Anthes, Christoph and Büschel, Wolfgang and Dunne, Cody and Dwyer, Tim and Grubert, Jens and Haga, Jason H. and Kirshenbaum, Nurit and Kobayashi, Dylan and Lin, Tica and Olaosebikan, Monsurat and Pointecker, Fabian and Saffo, David and Saquib, Nazmus and Schmalstieg, Dieter and Szafir, Danielle Albers and Whitlock, Matt and Yang, Yalong},
  publisherNO = {Association for Computing Machinery},
  booktitle = {Conference on Human Factors in Computing Systems (CHI)},
  eventdate = {2021-05-08/2021-05-13},
  location = {Yokohama, Japan},
  doi = {10.1145/3411764.3446866},
  title = {Grand challenges in immersive analytics},
}

@report{shift2rail,
  author = {{European Commission}},
  institution = {European Union},
  title = {{Shift2Rail} strategic master plan},
  type = {techreport},
  date = {2015},
}

@report{term20,
  author = {{European Environment Agency} and van Zeebroeck, Bruno and Mayeres, Inge and Boschmans, Sebastiaan},
  institution = {European Union},
  date = {2021},
  doi = {10.2800/43379},
  title = {Transport and environment report 2020 -- {Train} or plane?},
  type = {techreport},
}

@inproceedings{Franzluebbers22,
  author = {Franzluebbers, Anton and Li, Changying and Paterson, Andrew and Johnsen, Kyle},
  publisher = {Association for Computing Machinery},
  booktitle = {ACM Conference on Spatial User Interaction (SUI)},
  editor = {Stephen N. Spencer},
  eventdate = {2022-12-01/2022-12-02},
  location = {Online, CA, USA},
  doi = {10.1145/3565970.3567696},
  title = {Virtual reality point cloud annotation},
}

@inproceedings{FreinaOtt,
  author = {Freina, Laura and Ott, Michela},
  booktitle = {The international scientific conference elearning and software for education},
  publisher = {"CAROL I" National Defence University Publishing House},
  editor = {Ion Roceanu and Florica Moldoveanu and Stefan Trausan-Matu and Dragos Barbieru and Daniel Beligan and Angela Ionita},
  eventdate = {2015-04-23/2015-04-24},
  location = {Bucharest, Romania},
  pages = {133--141},
  title = {A literature review on immersive virtual reality in education: {State} of the art and perspectives},
  doi = {10.12753/2066-026X-15-020},
}

@article{fuller2020digital,
  author = {Fuller, Aidan and Fan, Zhong and Day, Charles and Barlow, Chris},
  date = {2020},
  doi = {10.1109/ACCESS.2020.2998358},
  journaltitle = {IEEE Access},
  pages = {108952--108971},
  title = {Digital twin: {Enabling} technologies, challenges and open research},
  volume = {8},
}

@inproceedings{garrido2021point,
  author = {Garrido, Daniel and Rodrigues, Rui and Augusto Sousa, A and Jacob, Joao and Castro Silva, Daniel},
  publisher = {Association for Computing Machinery},
  booktitle = {5th International Conference on Artificial Intelligence and Virtual Reality (AIVR)},
  eventdate = {2021-07-23/2021-07-25},
  location = {Kumamoto, Japan},
  doi = {10.1145/3480433.3480437},
  pages = {15--20},
  title = {Point cloud interaction and manipulation in virtual reality},
}

@inproceedings{kitti,
  author = {Geiger, Andreas and Lenz, Philip and Urtasun, Raquel},
  booktitle = {IEEE Conference on Computer Vision and Pattern Recognition},
  eventdate = {2021-06-16/2021-06-21},
  location = {Providence, RI, USA},
  doi = {10.1109/CVPR.2012.6248074},
  pages = {3354--3361},
  title = {Are we ready for autonomous driving? The {KITTI} vision benchmark suite},
}

@inproceedings{geng2020comparison,
  author = {Geng, Yixuan and Wang, Zhipeng and Jia, Limin and Qin, Yong},
  booktitle = {IEEE International Conference on Computational Intelligence and Virtual Environments for Measurement Systems and Applications (CIVEMSA)},
  publisherNO = {IEEE},
  eventdate = {2020-06-22/2020-06-26},
  location = {Tunis, Tunisia},
  doi = {10.1109/CIVEMSA48639.2020.9132746},
  title = {Comparison of {LiDAR} point cloud features in railway environment},
}

@article{gazero2019automated,
  author = {Gézero, L. and Antunes, C.},
  date = {2019},
  doi = {10.3390/infrastructures4030046},
  journaltitle = {Infrastructures},
  volume = {4},
  number = {3},
  eid = {46},
  title = {Automated three-dimensional linear elements extraction from mobile {LiDAR} point clouds in railway environments},
}

@article{grandio2022point,
  author = {Grandio, Javier and Riveiro, Belén and Soilán, Mario and Arias, Pedro},
  date = {2022},
  doi = {10.1016/j.autcon.2022.104425},
  journaltitle = {Automation in Construction},
  publisher = {Elsevier},
  title = {Point cloud semantic segmentation of complex railway environments using deep learning},
  volume = {141},
}

@article{grilli_review_2017,
  author = {Grilli, Eleonora and Menna, Fabio and Remondino, Fabio},
  publisher = {ISPRS},
  date = {2017},
  journaltitle = {International Archives of the Photogrammetry, Remote Sensing and Spatial Information Sciences},
  title = {A review of point clouds segmentation and classification algorithms},
  doi = {10.5194/isprs-archives-XLII-2-W3-339-2017},
  volume = {XLII-2/W3},
}

@article{guo2015novel,
  author = {Guo, Yulan and Sohel, Ferdous and Bennamoun, Mohammed and Wan, Jianwei and Lu, Min},
  publisher = {Elsevier},
  date = {2015},
  journaltitle = {Information Sciences},
  pages = {196--213},
  title = {A novel local surface feature for {3D} object recognition under clutter and occlusion},
  volume = {293},
  doi = {10.1016/j.ins.2014.09.015},
}

@article{guo2020deep,
  author = {Guo, Yulan and Wang, Hanyun and Hu, Qingyong and Liu, Hao and Liu, Li and Bennamoun, Mohammed},
  date = {2020},
  doi = {10.1109/TPAMI.2020.3005434},
  journaltitle = {IEEE Transactions on Pattern Analysis and Machine Intelligence},
  number = {12},
  pages = {4338--4364},
  title = {Deep learning for {3D} point clouds: {A} survey},
  volume = {43},
}

@article{gutirrezfernndez2020automatic,
  author = {Gutierrez-Fernandez, A. and Fernandez-Lamas, C. and Matellan-Olivera, V. and Suarez-Gonzalez, A.},
  date = {2020},
  doi = {10.3390/s20216222},
  journaltitle = {Sensors},
  volume = {20},
  number = {21},
  eid = {6222},
  title = {Automatic extraction of power cables location in railways using surface {LiDAR} systems},
}

@article{e7rail,
  author = {Gyamfi, Bright Akwasi and Bekun, Festus Victor and Balsalobre-Lorente, Daniel and Onifade, Stephen Taiwo and Ampomah, Asiedu Benjamin},
  publisher = {Springer},
  date = {2022-10},
  doi = {10.1007/s10668-021-01944-6},
  number = {10},
  journaltitle = {Environment, Development and Sustainability},
  pages = {11852--11870},
  title = {Beyond the environmental {Kuznets} curve: Do combined impacts of air transport and rail transport matter for environmental sustainability amidst energy use in {E7} economies?},
  volume = {24},
}

@article{hevner.04,
  author = {Hevner, Alan R. and March, Salvatore T. and Park, Jinsoo and Ram, Sudha},
  date = {2004},
  doi = {10.2307/25148625},
  number = {1},
  journaltitle = {MIS Quarterly},
  pages = {75},
  title = {Design science in information systems research},
  volume = {28},
}

@article{Hoerbinger20,
  author = {Hoerbinger, Stephan and Obriejetan, Michael and Rauch, Hans Peter and Immitzer, Markus},
  publisher = {Elsevier},
  date = {2020-12},
  doi = {10.1016/j.ecoleng.2020.106048},
  journaltitle = {Ecological Engineering},
  eid = {106048},
  title = {Assessment of safety-relevant woody vegetation structures along railway corridors},
  volume = {158},
}

@online{ieeexplore,
  author = {{Institute of Electrical and Electronics Engineers}},
  url = {https://ieeexplore.ieee.org},
  title = {{IEEE} Xplore},
  urldate = {2023-02-02},
}

@inproceedings{ioffe15,
  author = {Ioffe, Sergey and Szegedy, Christian},
  publisher = {JMLR},
  booktitle = {Proceedings of the 32nd International Conference on International Conference on Machine Learning (ICML)},
  editor = {Francis Bach and David Blei},
  volume = {37},
  eventdate = {2015-07-06/2015-07-11},
  location = {Lille, France},
  pages = {448--456},
  title = {Batch normalization: {Accelerating} deep network training by reducing internal covariate shift},
}

@report{iso5725,
  author = {{ISO 5725-1}},
  institution = {International Organization for Standardization},
  date = {2023},
  title = {Accuracy (trueness and precision) of measurement methods and results},
  type = {standard},
}

@article{jung2016multi-range,
  author = {Jung, J. and Chen, L. and Sohn, G. and Luo, C. and Won, J. U.},
  date = {2016},
  doi = {10.3390/rs8121008},
  journaltitle = {Remote Sensing},
  volume = {8},
  number = {12},
  eid = {1008},
  title = {Multi-range conditional random field for classifying railway electrification system objects using mobile laser scanning data},
}

@article{jwa2015kalman,
  author = {Yoonseok Jwa and Gunho Sonh},
  date = {2015},
  doi = {10.5194/isprsannals-II-3-W5-159-2015},
  journaltitle = {ISPRS Annals of the Photogrammetry, Remote Sensing and Spatial Information Sciences},
  pages = {159--164},
  title = {Kalman filter based railway tracking from mobile {LiDAR} data},
  volume = {II-3/W5},
}

@inproceedings{Kalvoda20,
  author = {Kalvoda, Petr and Nosek, Jakub and Kuruc, Michal and Volarik, Tomas},
  publisher = {IOP Publishing Ltd},
  series = {Earth and Environmental Science},
  booktitle = {6th World Multidisciplinary Earth Sciences Symposium},
  editor = {Işık Yilmaz, Marian Marschalko and Marian Drusa}, 
  eventdate = {2020-09-07/2020-09-11},
  location = {Prague, Czech Republic},
  volume = {609},
  eid = {012091},
  doi = {10.1088/1755-1315/609/1/012091},
  title = {Accuracy evaluation and comparison of mobile laser scanning and mobile photogrammetry data accuracy evaluation and comparison of mobile laser scanning and mobile photogrammetry data},
}

@inproceedings{karmacharya2015knowledge,
  author = {Karmacharya, A. and Boochs, F. and Tietz, B.},
  booktitle = {Videometrics, Range Imaging, and Applications XIII},
  titleaddon = {Proceedings of SPIE},
  publisher = {SPIE},
  editor = {Fabio Remondino, Mark R. Shortis},
  eventdate = {2015-06-21/2015-06-25},
  location = {Munich, Germany},
  doi = {10.1117/12.2184801},
  title = {Knowledge guided object detection and identification in {3D} point clouds},
  volume = {9528},
  eid = {952804},
}

@article{Karunathilake20,
  author = {Karunathilake, Amila and Honma, Ryohei and Niina, Yasuhito},
  publisher = {MDPI},
  date = {2020},
  doi = {10.3390/rs12223702},
  journaltitle = {Remote Sensing},
  title = {Self-organized model fitting method for railway structures monitoring using {LiDAR} point cloud},
  volume = {12},
  number = {22},
  eid = {3702},
}

@article{dataKharroubi,
  author = {Kharroubi, Abderrazzaq and Ballouch, Zouhair and Hajji, Rafika and Yarroudh, Anass and Billen, Roland},
  date = {2024-04},
  doi = {10.3390/infrastructures9040071},
  number = {4},
  volume = {9},
  eid = {71},
  journaltitle = {Infrastructures},
  title = {Multi-context point cloud dataset and machine learning for railway semantic segmentation},
}

@article{klimkowska2022detailed,
  author = {Klimkowska, Anna and Cavazzi, Stefano and Leach, Richard and Grebby, Stephen},
  publisher = {MDPI},
  date = {2022},
  journaltitle = {Remote Sensing},
  volume = {14},
  number = {11},
  eid = {2579},
  title = {Detailed three-dimensional building façade reconstruction: {A} review on applications, data and technologies},
}

@inproceedings{klokov2017escape,
  author = {Klokov, Roman and Lempitsky, Victor},
  booktitle = {IEEE International Conference on Computer Vision (ICCV)},
  publisherNO = {IEEE},
  eventdate = {2017-10-22/2017-10-29},
  location = {Venice, Italy},
  pages = {863--872},
  title = {Escape from cells: Deep kd-networks for the recognition of {3D} point cloud models},
}

@article{Korkut23,
  author = {Korkut, Elif Hilal and Surer, Elif},
  publisher = {Springer},
  date = {2023-06},
  volume = {27},
  pages = {1447 -- 1480},
  doi = {10.1007/s10055-023-00753-8},
  journaltitle = {Virtual Reality},
  title = {Visualization in virtual reality: {A} systematic review},
}

@article{Kuutti18,
  author = {Kuutti, Sampo and Fallah, Saber and Katsaros, Konstantinos and Dianati, Mehrdad and Mccullough, Francis and Mouzakitis, Alexandros},
  publisher = {IEEE},
  date = {2018-04},
  doi = {10.1109/JIOT.2018.2812300},
  number = {2},
  journaltitle = {IEEE Internet of Things Journal},
  pages = {829--846},
  title = {A Survey of the state-of-the-art localization techniques and their potentials for autonomous vehicle applications},
  volume = {5},
}

@inproceedings{kwoczynska2016elaboration,
  author = {Kwoczynska, Boguslawa and Sagan, Wojciech and Dziura, Katarzyna},
  booktitle = {Baltic Geodetic Congress (BGC Geomatics)},
  eventdate = {2016-06-02/2016-06-04},
  location = {Gdansk, Poland},
  doi = {10.1109/BGC.Geomatics.2016.28},
  pages = {106--115},
  title = {Elaboration and modeling of the railway infrastructure using data from airborne and mobile laser scanning},
}

@article{lamas2021automatic,
  author = {Lamas, Daniel and Soilán, Mario and Grandío, Javier and Riveiro, Belén},
  date = {2021},
  doi = {10.3390/rs13122332},
  journaltitle = {Remote Sensing},
  volume = {13},
  number = {12},
  eid = {2332},
  title = {Automatic point cloud semantic segmentation of complex railway environments},
  publisher = {MDPI},
}

@inproceedings{Landrieu18,
  author = {Landrieu, L. and Simonovsky, M.},
  publisherNO = {IEEE},
  booktitle = {IEEE/CVF Conference on Computer Vision and Pattern Recognition},
  eventdate = {2018-06-18/2018-06-23},
  location = {Salt Lake City, UT, USA},
  doi = {10.1109/CVPR.2018.00479},
  pages = {4558--4567},
  title = {Large-scale point cloud semantic segmentation with superpoint graphs},
}

@inproceedings{pointpillar,
  author = {Lang, Alex H. and Vora, Sourabh and Caesar, Holger and Zhou, Lubing and Yang, Jiong and Beijbom, Oscar},
  booktitle = {Proceedings of the IEEE Computer Society Conference on Computer Vision and Pattern Recognition (CVPR)},
  eventdate = {2019-06-15/2019-06-20},
  location = {Long Beach, CA, USA},
  doi = {10.1109/CVPR.2019.01298},
  pages = {12689--12697},
  title = {{PointPillars}: {Fast} encoders for object detection from point clouds},
}

@article{lei2020spherical,
  author = {Lei, Huan and Akhtar, Naveed and Mian, Ajmal},
  publisher = {IEEE},
  date = {2020},
  journaltitle = {IEEE Transactions on Pattern Analysis and Machine Intelligence},
  number = {10},
  doi = {10.1109/TPAMI.2020.2983410},
  pages = {3664--3680},
  title = {Spherical kernel for efficient graph convolution on {3D} point clouds},
  volume = {43},
}

@article{li2018methodology,
  author = {Li, F. and Ren, X. and Luo, W. and Chen, X.},
  date = {2018},
  doi = {10.3390/app8101782},
  journaltitle = {Applied Sciences},
  volume = {8},
  number = {10},
  eid = {1782},
  title = {Methodology for existing railway reconstruction with constrained optimization based on point cloud data},
}

@article{li20233D,
  author = {Li, Jian and Wu, Mingqing and Li, Hengzheng},
  doi = {10.1109/ACCESS.2023.3285713},
  date = {2023},
  journaltitle = {IEEE Access},
  pages = {61502--61512},
  title = {{3D} reconstruction and volume estimation of jujube using consumer-grade {RGB-depth} sensor},
  volume = {11},
}

@article{li20193d,
  author = {Li, Y and Tong, GF and Yang, JC and Zhang, LQ and Peng, H and Gao, H},
  date = {2019},
  journaltitle = {Laser \& Optoelectronics Progress},
  number = {4},
  eid = {040002},
  title = {{3D} point cloud scene data acquisition and its key technologies for scene understanding},
  volume = {56},
}

@article{li2020deep,
  author = {Li, Ying and Ma, Lingfei and Zhong, Zilong and Liu, Fei and Chapman, Michael A and Cao, Dongpu and Li, Jonathan},
  publisher = {IEEE},
  date = {2020},
  journaltitle = {IEEE Transactions on Neural Networks and Learning Systems},
  number = {8},
  doi = {10.1109/TNNLS.2020.3015992},
  pages = {3412--3432},
  title = {Deep learning for {LiDAR} point clouds in autonomous driving: {A} review},
  volume = {32},
}

@article{LiIbanez20,
  author = {Li, You and Ibanez-Guzman, Javier},
  date = {2020-07},
  doi = {10.1109/MSP.2020.2973615},
  number = {4},
  journaltitle = {IEEE Signal Processing Magazine},
  pages = {50--61},
  title = {{LiDAR} for autonomous driving: {The} principles, challenges, and trends for automotive {LiDAR} and perception systems},
  volume = {37},
}

@article{lin2020lidar,
  author = {Lin, Shuai and Xu, Cheng and Chen, Lipei and Li, Siqi and Tu, Xiaohan},
  date = {2020-04},
  doi = {10.3390/s20082212},
  journaltitle = {Sensors},
  volume = {20},
  number = {8},
  eid = {2212},
  title = {{LiDAR} point cloud recognition of overhead catenary system with deep learning},
}

@article{linardatos2021explainable,
  author = {Linardatos, Pantelis and Papastefanopoulos, Vasilis and Kotsiantis, Sotiris},
  publisher = {MDPI},
  date = {2021},
  journaltitle = {Entropy},
  number = {1},
  title = {Explainable {AI}: {A} review of machine learning interpretability methods},
  volume = {23},
}

@article{liu2021an,
  author = {Liu, S. and Tu, X. and Xu, C. and Chen, L. and Lin, S. and Li, R.},
  date = {2021},
  doi = {10.3390/rs13204110},
  journaltitle = {Remote Sensing},
  volume = {13},
  number = {20},
  eid = {4110},
  title = {An optimized deep neural network for overhead contact system recognition from {LiDAR} point clouds},
}

@incollection{liu2021deep,
  author = {Liu, Shan and Zhang, Min and Kadam, Pranav and Kuo, C-C Jay},
  publisher = {Springer},
  booktitle = {{3D} Point Cloud Analysis},
  date = {2021},
  pages = {53--86},
  title = {Deep learning-based point cloud analysis},
}

@article{liu19deep,
  author = {Liu, Weiping and Sun, Jia and Li, Wanyi and Hu, Ting and Wang, Peng},
  date = {2019},
  doi = {10.3390/s19194188},
  journaltitle = {Sensors},
  volume = {19},
  number = {19},
  eid = {4188},
  title = {Deep learning on point clouds and its application: {A} survey},
}

@inproceedings{lu2021bolt,
  author = {Lu, Z. and Zhu, Z. and Bi, J. and Xiong, K. and Wang, J. and Lu, C. and Bao, Z. and Yan, W.},
  booktitle = {China Automation Congress (CAC)},
  eventdate = {2021-10-22/2021-10-24},
  location = {Beijing, China},
  doi = {10.1109/CAC53003.2021.9728702},
  pages = {420--425},
  title = {Bolt {3D} Point cloud segmentation and measurement based on {DBSCAN} clustering},
}

@article{lu2021supervoxel,
  author = {Luo, Nan and Jiang, Yuanyuan and Wang, Quan},
  date = {2021},
  journaltitle = {International Journal of Pattern Recognition and Artificial Intelligence},
  number = {3},
  eid = {2154007},
  doi = {10.1142/S0218001421540070},
  title = {Supervoxel-based region growing segmentation for point cloud data},
  volume = {35},
}

@article{mahler2019learning,
  author = {Mahler, Jeffrey and Matl, Matthew and Satish, Vishal and Danielczuk, Michael and DeRose, Bill and McKinley, Stephen and Goldberg, Ken},
  date = {2019},
  journaltitle = {Science Robotics},
  number = {26},
  title = {Learning ambidextrous robot grasping policies},
  volume = {4},
  doi = {10.1126/scirobotics.aau498},
}

@inproceedings{mathani2022enhancing,
  author = {Mahtani, A. and Chouchani, N. and Herbreteau, M. and Rafin, D.},
  booktitle = {Reliability, Safety, and Security of Railway Systems. Modelling, Analysis, Verification, and Certification (RSSRail)},
  eventdate = {2022-06-01/2022-06-02},
  location = {Paris, France},
  doi = {10.1007/978-3-031-05814-1_8},
  pages = {115--129},
  title = {Enhancing autonomous train safety through a priori-map based perception},
  series = {Lecture Notes in Computer Science},
  volume = {13294},
}

@article{manier2022railway,
  author = {Manier, Antoine and Moras, Julien and Michelin, Jean-Christophe and Piet-Lahanier, Hélene},
  publisher = {ISPRS},
  date = {2022},
  doi = {10.5194/isprs-annals-V-2-2022-135-2022},
  journaltitle = {ISPRS Annals of the Photogrammetry, Remote Sensing and Spatial Information Sciences},
  pages = {135--142},
  title = {Railway {LiDAR} semantic segmentation with axially symmetrical convolutional learning},
  volume = {V-2-2022},
}

@inproceedings{marwati2021automatic,
  author = {Marwati, Atika and Wang, Chi Kuei},
  booktitle = {42nd Asian Conference on Remote Sensing (ACRS)},
  eventdate = {2021-11-22/2021-11-24},
  location = {Can Tho, Vietnam},
  title = {Automatic retrieval of railway masts tilt angle from mobile laser scanning data},
}

@article{bubbleEx22,
  author = {Matrone, Francesca and Paolanti, Marina and Felicetti, Andrea and Martini, Massimo and Pierdicca, Roberto},
  date = {2022},
  doi = {10.1109/JSTARS.2022.3195200},
  journaltitle = {IEEE Journal of Selected Topics in Applied Earth Observations and Remote Sensing},
  pages = {6571--6587},
  title = {{BubblEX}: {An} Explainable deep learning framework for point-cloud classification},
  volume = {15},
}

@article{meng2021towards,
  author = {Meng, Qinghao and Wang, Wenguan and Zhou, Tianfei and Shen, Jianbing and Jia, Yunde and Van Gool, Luc},
  publisher = {IEEE},
  date = {2021},
  journaltitle = {IEEE Transactions on Pattern Analysis and Machine Intelligence},
  title = {Towards a weakly supervised framework for {3D} point cloud object detection and annotation},
  doi = {10.1109/TPAMI.2021.3063611},
  volume = {44},
  number = {8},
}

@article{mirzaei20223d,
  author = {Mirzaei, Kaveh and Arashpour, Mehrdad and Asadi, Ehsan and Masoumi, Hossein and Bai, Yu and Behnood, Ali},
  publisher = {Elsevier},
  date = {2022},
  journaltitle = {Advanced Engineering Informatics},
  eid = {101501},
  title = {{3D} point cloud data processing with machine learning for construction and infrastructure applications: {A} comprehensive review},
  volume = {51},
  doi = {10.1016/j.aei.2021.101501},
}

@inproceedings{Neri22,
  author = {Neri, Michael and Battisti, Federica},
  publisherNO = {IEEE},
  booktitle = {10th European Workshop on Visual Information Processing (EUVIP)},
  eventdate = {2022-09-11/2022-09-14},
  location = {Lisbon, Portugal},
  doi = {10.1109/EUVIP53989.2022.9922901},
  title = {{3D} object detection on synthetic point clouds for railway applications},
}

@inproceedings{nguyen_3d_2013,
  author = {Nguyen, Anh and Le, Bac},
  organization = {IEEE},
  booktitle = {6th IEEE Conference on Robotics, Automation and Mechatronics (RAM)},
  eventdate = {2013-11-12/2013-11-15},
  location = {Manila, Philippines},
  pages = {225--230},
  title = {{3D} point cloud segmentation: {A} survey},
  doi = {10.1109/RAM.2013.6758588},
}

@inproceedings{Nielsen1993,
  author = {Nielsen, Jakob and Landauer, Thomas K.},
  publisherNO = {Association for Computing Machinery},
  booktitle = {Proceedings of the INTERACT '93 and CHI '93 Conference on Human Factors in Computing Systems (INTERCHI)},
  eventdate = {1993-04-24/1993-04-29},
  location = {Amsterdam, The Netherlands},
  doi = {10.1145/169059.169166},
  pages = {206--213},
  title = {A mathematical model of the finding of usability problems},
}

@article{nurunnabi2015outlier,
  author = {Nurunnabi, Abdul and West, Geoff and Belton, David},
  publisher = {Elsevier},
  date = {2015},
  journaltitle = {Pattern Recognition},
  number = {4},
  pages = {1404--1419},
  title = {Outlier detection and robust normal-curvature estimation in mobile laser scanning {3D} point cloud data},
  volume = {48},
  doi = {10.1016/j.patcog.2014.10.014},
}

@inproceedings{Oliveira21,
  author = {Oliveira, Tomas and da Silva, Joao Manuel Leite and prefix={da}, family={Silva}, given={Jorge Alves}},
  publisherNO = {IEEE},
  booktitle = {IEEE International Conference on Autonomous Robot Systems and Competitions (ICARSC)},
  eventdate = {2021-04-28/2021-04-29},
  location = {Santa Maria da Feira, Portugal},
  doi = {10.1109/ICARSC52212.2021.9429800},
  pages = {37--42},
  title = {Virtual reality web application for automotive data visualization},
}

@article{oudeelberink2013rail,
  author = {Oude Elberink, S and Khoshelham, K and Arastounia, M and Diaz Benito, D},
  publisher = {ISPRS},
  date = {2013},
  journaltitle = {ISPRS Annals of the Photogrammetry, Remote Sensing and Spatial Information Sciences},
  pages = {223--228},
  title = {Rail track detection and modelling in mobile laser scanner data},
  volume = {II-5/W2},
  doi = {10.5194/isprsannals-II-5-W2-223-2013}
}

@report{eu_railway_2020_Fostering,
  author = {Pagand, Idriss},
  institution = {European Union Agency for Railways},
  date = {2020},
  number = {ERA1234},
  title = {Fostering the railway sector through the {European} green deal},
  type = {techreport},
}

@inproceedings{Palha17,
  author = {Palha, Arnaud and Murtiyoso, Arnadi and Michelin, Jean-Christophe and Alby, Emmanuel and Grussenmeyer, Pierre},
  publisherNO = {Springer},
  booktitle = {The Rise of Big Spatial Data},
  series = {Lecture Notes in Geoinformation and Cartography},
  eventdate = {2016-03-16/2016-03-18},
  location = {Ostrava, Czech Republic},
  doi = {10.1007/978-3-319-45123-7_3},
  pages = {27--39},
  title = {Open source first person view {3D} point cloud visualizer for large data sets},
}

@inproceedings{pan20,
  author = {Pan, Hujie and Wang, Zining and Zhan, Wei and Tomizuka, Masayoshi},
  publisherNO = {IEEE},
  booktitle = {IEEE 23rd International Conference on Intelligent Transportation Systems (ITSC)},
  eventdate = {2020-09-20/2020-09-23},
  location = {Rhodes, Greece},
  doi = {10.1109/ITSC45102.2020.9294177},
  title = {Towards better performance and more explainable uncertainty for {3D} object detection of autonomous vehicles},
}

@article{pappaterra2021systematic,
  author = {Pappaterra, Mauro José and Flammini, Francesco and Vittorini, Valeria and Bešinović, Nikola},
  publisher = {MDPI},
  date = {2021},
  journaltitle = {Infrastructures},
  volume = {6},
  number = {10},
  eid = {136},
  title = {A systematic review of artificial intelligence public datasets for railway applications},
  doi = {10.3390/infrastructures6100136},
}

@article{Park21,
  author = {Park, Sebeom and Bokijonov, Shokhrukh and Choi, Yosoon},
  publisher = {MDPI},
  date = {2021-08},
  doi = {10.3390/app11167259},
  volume = {11},
  number = {16},
  eid = {7259},
  journaltitle = {Applied Sciences},
  title = {Review of {Microsoft HoloLens} applications over the past five years},
}

@article{pastucha2016catenary,
  author = {Pastucha, E.},
  date = {2016},
  doi = {10.3390/rs8100801},
  journaltitle = {Remote Sensing},
  title = {Catenary system detection, localization and classification using mobile scanning data},
  volume = {8},
  number = {10},
  eid = {801},
}

@article{peffers.07,
  author = {Peffers, Ken and Tuunanen, Tuure and Rothenberger, Marcus A. and Chatterjee, Samir},
  date = {2007-12},
  doi = {10.2753/MIS0742-1222240302},
  number = {3},
  journaltitle = {Journal of Management Information Systems},
  pages = {45--77},
  title = {A design science research methodology for information systems research},
  volume = {24},
}

@inproceedings{Piumsomboon13,
  author = {Piumsomboon, Thammathip and Clark, Adrian and Billinghurst, Mark and Cockburn, Andy},
  editor = {Kotzé, Paula and Marsden, Gary and Lindgaard, Gitte and Winckler, Janet WessonMarco},
  publisherNO = {Springer},
  booktitle = {Human-Computer Interaction (INTERACT)},
  eventdate = {2013-09-02/2013-09-06},
  location = {Cape Town, South Africa},
  doi = {10.1007/978-3-642-40480-1_18},
  pages = {282--299},
  title = {User-defined gestures for augmented reality},
}

@inproceedings{ponciano2015detection,
  author = {Ponciano, Jean-Jacques and Prudhomme, Claire and Tietz, Burkhard and Boochs, Frank},
  booktitle = {11th International Conference on Signal-Image Technology \& Internet-Based Systems (SITIS)},
  publisherNO = {IEEE},
  eventdate = {2015-11-23/2015-11-27},
  location = {Bangkok, Thailand},
  doi = {10.1109/SITIS.2015.86},
  pages = {96--102},
  title = {Detection and isolation of switches in point clouds of the {German} railway network},
}

@inproceedings{qi2017pointnet,
  author = {Qi, Charles R and Su, Hao and Mo, Kaichun and Guibas, Leonidas J},
  booktitle = {IEEE Conference on Computer Vision and Pattern Recognition (CVPR)},
  eventdate = {2017-07-21/2017-07-26},
  location = {Honolulu, HI, USA},
  pages = {77--85},
  title = {{PointNet}: {Deep} learning on point sets for {3D} classification and segmentation},
  doi = {10.1109/CVPR.2017.16}
}

@inproceedings{Qi.17.2,
  author = {Qi, Charles R. and Yi, Li and Su, Hao and Guibas, Leonidas J.},
  crossref = {nips31},
  pages = {5100--5109},
  title = {{PointNet++}: {Deep} hierarchical feature learning on point sets in a metric space},
}

@article{QuJinyan23,
  author = {Qu, Jinyan and Li, Shaobin and Li, Yanman and Liu, Liu},
  publisher = {MDPI},
  date = {2023-03},
  doi = {10.3390/electronics12051175},
  volume = {12},
  number = {5},
  eid = {1175},
  journaltitle = {Electronics},
  title = {Research on railway obstacle detection method based on developed {Euclidean} clustering},
}

@inproceedings{Rambach21,
  author = {Rambach, Jason and Lilligreen, Gergana and Schäfer, Alexander and Bankanal, Ramya and Wiebel, Alexander and Stricker, Didier},
  booktitle = {Proceedings of the 13th International Conference on Virtual, Augmented and Mixed Reality (VAMR)},
  eventdate = {2021-07-24/2021-07-29},
  location = {Online Only, USA},
  doi = {10.1007/978-3-030-77599-5_45},
  pages = {653--675},
  title = {A survey on applications of augmented, mixed and virtual reality for nature and environment},
}

@inproceedings{razavian14,
  author = {Razavian, Ali Sharif and Azizpour, Hossein and Sullivan, Josephine and Carlsson, Stefan},
  publisherNO = {IEEE},
  booktitle = {IEEE Conference on Computer Vision and Pattern Recognition Workshops},
  eventdate = {2014-06-23/2014-06-28},
  location = {Columbus, OH, USA},
  doi = {10.1109/CVPRW.2014.131},
  pages = {512--519},
  title = {{CNN} features off-the-shelf: {An} astounding baseline for recognition},
}

@article{yolov3,
  author = {Redmon, Joseph and Farhadi, Ali},
  date = {2018},
  eprinttype = {arxiv},
  eprintclass = {cs.CV},
  eprint = {1804.02767v1},
  title = {{YOLOv3}: {An} incremental improvement},
  doi = {10.48550/arXiv.1804.02767},
}

@book{regtien,
  author = {Regtien, P.P.L. and prefix={van der}, family={Heijden}, given={F.} and Korsten, M.J. and Olthuis, W.},
  publisher = {But\-ter\-worth-Hei\-ne\-mann},
  date = {2004},
  doi = {10.1016/B978-1-903996-58-4.X5000-X},
  title = {Measurement science for engineers},
}

@inproceedings{riegler2017octnet,
  author = {Riegler, Gernot and Osman Ulusoy, Ali and Geiger, Andreas},
  booktitle = {IEEE Conference on Computer Vision and Pattern Recognition (CVPR)},
  eventdate = {2017-07-21/2017-07-26},
  location = {Honolulu, HI, USA},
  pages = {6620--6629},
  title = {{OctNet}: {Learning} deep {3D} representations at high resolutions},
  doi = {10.1109/CVPR.2017.701},
}

@inproceedings{roberts2017monitoring,
  author = {Roberts, S. J. and Bonenberg, L. K. and Jing, H. and Sowter, A. and Meng, X. and Moore, T. and Hill, C. and Bhatia, P.},
  booktitle = {Proceedings of the 30th International Technical Meeting of the Satellite Division of The Institute of Navigation (ION GNSS+)},
  eventdate = {2017-09-25/2017-09-29},
  location = {Portland, OR, USA},
  doi = {10.33012/2017.15306},
  pages = {1928--1935},
  title = {Monitoring rail infrastructure using multisensor navigation on a moving platform and autonomous robots},
}

@inproceedings{rojas21,
  author = {Rojas, Julián Andrés and Aguado, Marina and Vasilopoulou, Polymnia and Velitchkov, Ivo and Van Assche, Dylan and Colpaert, Pieter and Verborgh, Ruben},
  editor = {Hotho, Andreas and Blomqvist, Eva and Dietze, Stefan and Fokoue, Achille and Ding, Ying and Barnaghi, Payam and Haller, Armin and Dragoni, Mauro and Alani, Harith},
  publisherNO = {Springer},
  booktitle = {20th International Semantic Web Conference (ISWC)},
  eventdate = {2021-10-24/2021-10-28},
  location = {Online Only},
  pages = {648--664},
  title = {Leveraging semantic technologies for digital interoperability in the {European} railway domain},
  doi = {10.1007/978-3-030-88361-4_38},
}

@inproceedings{unet,
  author = {Ronneberger, Olaf and Fischer, Philipp and Brox, Thomas},
  editor = {Navab, Nassir and Hornegger, Joachim and Wells, William M. and Frangi, Alejandro F.},
  publisherNO = {Springer},
  booktitle = {Medical Image Computing and Computer-Assisted Intervention (MICCAI)},
  eventdate = {2015-10-05/2015-10-09},
  location = {Munich, Germany},
  doi = {10.1007/978-3-319-24574-4_28},
  pages = {234--241},
  title = {{U-Net}: {Convolutional} networks for biomedical image segmentation},
}

@inproceedings{Rowland10,
  author = {Rowland, C. and Anderson, J.},
  booktitle = {11th International Symposium on Virtual Reality, Archaeology and Intelligent Cultural Heritage (VAST)},
  eventdate = {2010-09-21/2010-09-24},
  location = {Paris, France},
  publisherNO = {Eurographics Association},
  doi = {10.2312/VAST/VAST10/039-045},
  pages = {39--45},
  title = {{WreckSight}: {Revealing} our submerged maritime heritage},
}

@article{Rubio17,
  author = {Rubio-Tamayo, Jose and Barrio, Manuel Gertrudix and García, Francisco García},
  publisher = {MDPI},
  date = {2017-09},
  doi = {10.3390/mti1040021},
  volume = {1},
  number = {4},
  eid = {21},
  journaltitle = {Multimodal Technologies and Interaction},
  title = {Immersive environments and virtual reality: {Systematic} review and advances in communication, interaction and simulation},
}

@report{ruete_2020_ERTMS,
  author = {Ruete, Matthias},
  institution = {European Commision},
  date = {2020},
  title = {{ERTMS}: {First} work plan of the {European} coordinator},
  type = {techreport},
}

@article{sahebdivani2020rail,
  author = {Sahebdivani, S. and Arefi, H. and Maboudi, M.},
  date = {2020},
  doi = {10.3390/s20185220},
  journaltitle = {Sensors},
  title = {Rail track detection and projection-based {3D} modeling from {UAV} point cloud},
  volume = {20},
  number = {18},
  eid = {5220},
}

@inbook{samek2023xai,
  author = {Samek, Wojciech},
  editor = {Benois-Pineau, Jenny and Bourqui, Romain and Petkovic, Dragutin and Quénot, Georges},
  publisher = {Academic Press},
  booktitle = {Explainable Deep Learning AI},
  subtitle = {Methods and Challenges},
  date = {2023},
  doi = {10.1016/B978-0-32-396098-4.00008-9},
  pages = {7--33},
  title = {Explainable deep learning: {Concepts}, methods, and new developments},
}

@inbook{Samek2019,
  author = {Samek, Wojciech and Müller, Klaus-Robert},
  editor = {Samek, Wojciech and Montavon, Grégoire and Vedaldi, Andrea and Hansen, Lars Kai and Müller, Klaus-Robert},
  publisher = {Springer},
  booktitle = {Explainable {AI}: Interpreting, Explaining and Visualizing Deep Learning},
  date = {2019},
  doi = {10.1007/978-3-030-28954-6_1},
  pages = {5--22},
  title = {Towards explainable artificial intelligence},
}

@inproceedings{NEURIPS2019_993edc98,
  author = {Sauder, Jonathan and Sievers, Bjarne},
  crossref = {nips33},
  volume = {17},
  pages = {12962 -- 12972},
  title = {Self-supervised deep learning on point clouds by reconstructing space},
}


@article{sayin2021review,
  author = {Sayin, Burcu and Krivosheev, Evgeny and Yang, Jie and Passerini, Andrea and Casati, Fabio},
  publisher = {Springer},
  date = {2021},
  journaltitle = {Artificial Intelligence Review},
  pages = {5283--5305},
  title = {A review and experimental analysis of active learning over crowd sourced data},
  volume = {54},
  doi = {10.1007/s10462-021-10021-3}
}

@online{dblp,
  author = {{Schloss Dagstuhl – Leibniz-Zentrum für Informatik GmbH}},
  url = {https://dblp.org},
  title = {{dblp}: computer science bibliography},
  urldate = {2023-02-02},
}

@article{Sharifisoraki23,
  author = {Sharifisoraki, Z. and Dey, A. and Selzler, R. and Amini, M. and Green, J. R. and Rajan, S. and Kwamena, F. A.},
  publisher = {IEEE},
  date = {2023},
  doi = {10.1109/ACCESS.2022.3232338},
  journaltitle = {IEEE Access},
  pages = {314--336},
  title = {Monitoring critical infrastructure using {3D} {LiDAR} point clouds},
  volume = {11},
}

@article{soilan20213D,
  author = {Soilán, M. and Justo, A. and Sánchez-Rodríguez, A. and Lamas, D. and Riveiro, B.},
  journaltitle = {International Archives of the Photogrammetry, Remote Sensing and Spatial Information Sciences},
  date = {2021},
  doi = {10.5194/isprs-archives-XLIII-B2-2021-239-2021},
  pages = {239--246},
  title = {{3D} point cloud data processing and infrastructure information models: {Methods} and findings from safeway project},
  volume = {XLIII-B2-2021},
}

@article{soilan2021fully,
  author = {Soilán, M. and Nóvoa, A. and Sánchez-Rodríguez, A. and Justo, A. and Riveiro, B.},
  date = {2021},
  doi = {10.1016/j.autcon.2021.103684},
  journaltitle = {Automation in Construction},
  title = {Fully automated methodology for the delineation of railway lanes and the generation of {IFC} alignment models using {3D} point cloud data},
  volume = {126},
  eid = {103684}
}

@article{soilan2019review,
  author = {Soilán, Mario and Sánchez-Rodríguez, Ana and prefix={del}, family={Río-Barral}, given={Pablo} and Perez-Collazo, Carlos and Arias, Pedro and Riveiro, Belén},
  date = {2019},
  doi = {10.3390/infrastructures4040058},
  journaltitle = {Infrastructures},
  publisher = {MDPI},
  volume = {4},
  number = {4},
  eid = {58},
  title = {Review of laser scanning technologies and their applications for road and railway infrastructure monitoring},
}

@inproceedings{sturari2017robotic,
  author = {Sturari, Mirco and Paolanti, Marina and Frontoni, Emanuele and Mancini, Adriano and Zingaretti, Primo},
  booktitle = {European Conference on Mobile Robots (ECMR)},
  eventdate = {2017-09-06/2017-09-08},
  location = {Paris, France},
  doi = {10.1109/ECMR.2017.8098668},
  title = {Robotic platform for deep change detection for rail safety and security},
}

@inproceedings{waymo,
  author = {Sun, Pei and Kretzschmar, Henrik and Dotiwalla, Xerxes and Chouard, Aurelien and Patnaik, Vijaysai and Tsui, Paul and Guo, James and Zhou, Yin and Chai, Yuning and Caine, Benjamin and Vasudevan, Vijay and Han, Wei and Ngiam, Jiquan and Zhao, Hang and Timofeev, Aleksei and Ettinger, Scott and Krivokon, Maxim and Gao, Amy and Joshi, Aditya and Zhang, Yu and Shlens, Jonathon and Chen, Zhifeng and Anguelov, Dragomir},
  publisherNO = {IEEE},
  booktitle = {IEEE/CVF Conference on Computer Vision and Pattern Recognition (CVPR)},
  eventdate = {2020-06-13/2020-06-19},
  location = {Seattle, WA, USA},
  doi = {10.1109/CVPR42600.2020.00252},
  pages = {2443--2451},
  title = {Scalability in perception for autonomous driving: {Waymo} open dataset},
}

@article{tajbakhsh16,
  author = {Tajbakhsh, Nima and Shin, Jae Y. and Gurudu, Suryakanth R. and Hurst, R. Todd and Kendall, Christopher B. and Gotway, Michael B. and Liang, Jianming},
  publisher = {IEEE},
  date = {2016-05},
  doi = {10.1109/TMI.2016.2535302},
  number = {5},
  journaltitle = {IEEE Transactions on Medical Imaging},
  pages = {1299--1312},
  title = {Convolutional neural networks for medical image analysis: {Full} training or fine tuning?},
  volume = {35},
}

@article{tang10,
  author = {Tang, Pingbo and Huber, Daniel and Akinci, Burcu and Lipman, Robert and Lytle, Alan},
  date = {2010},
  doi = {10.1016/j.autcon.2010.06.007},
  journaltitle = {Automation in Construction},
  number = {7},
  pages = {829--843},
  title = {Automatic reconstruction of as-built building information models from laser-scanned point clouds: {A} review of related techniques},
  volume = {19},
}

@inproceedings{thomas2019KPConv,
  author = {Thomas, Hugues and Qi, Charles R. and Deschaud, Jean-Emmanuel and Marcotegui, Beatriz and Goulette, Fran{c{c}}ois and Guibas, Leonidas J.},
  booktitle = {IEEE/CVF International Conference on Computer Vision (IC\-CV)},
  publisherNO = {IEEE},
  eventdate = {2019-10-27/2019-11-02},
  location = {Seoul, South Korea},
  pages = {6410--6419},
  title = {{KPConv}: {Flexible} and deformable convolution for point clouds},
  doi = {10.1109/ICCV.2019.00651},
}

@dataset{osdar23,
  author = {Tilly, Roman and Neumaier, Philipp and Schwalbe, Karsten and Klasek, Pavel and Tagiew, Rustam and Denzler, Patrick and Klockau, Tobias and Boekhoff, Martin and Köppel, Martin},
  publisher = {TIB},
  date = {2023},
  doi = {10.57806/9MV146R0},
  title = {Open Sensor Data for Rail 2023},
}

@article{truong2013automatic,
  author = {Truong, H. Q. and Hmida, H. B. and Boochs, F. and Habed, A. and Cruz, C. and Voisin, Y. and Nicolle, C.},
  date = {2013},
  doi = {10.1127/1432-8364/2013/0172},
  journaltitle = {Photogrammetrie, Fernerkundung, Geoinformation},
  number = {3},
  pages = {221--237},
  title = {Automatic detection and classification of objects in point clouds using multi-stage semantics},
  volume = {2013},
}

@article{Tschirschwitz19,
  author = {Tschirschwitz, Felix and Richerzhagen, Christian and Przybilla, Heinz Jürgen and Kersten, Thomas P.},
  publisher = {Springer},
  date = {2019-06},
  doi = {10.1007/s41064-019-00065-0},
  journaltitle = {PFG - Journal of Photogrammetry, Remote Sensing and Geoinformation Science},
  pages = {47--56},
  title = {Duisburg 1566: {Transferring} a historic {3D} city model from {Google Earth} into a virtual reality application},
  volume = {87},
}

@article{tu2020lidar,
  author = {Tu, X. and Xu, C. and Liu, S. and Lin, S. and Chen, L. and Xie, G. and Li, R.},
  date = {2020},
  doi = {10.3390/s20216387},
  journaltitle = {Sensors},
  volume = {20},
  number = {21},
  eid = {6387},
  title = {{LiDAR} point cloud recognition and visualization with deep learning for overhead contact inspection},
}

@inproceedings{tutcher14,
  author = {Tutcher, Jonathan},
  booktitle = {IEEE International Conference on Big Data (Big Data)},
  publisherNO = {IEEE},
  eventdate = {2014-10-27/2014-10-30},
  location = {Washington, DC, USA},
  doi = {10.1109/BigData.2014.7004436},
  pages = {85--95},
  title = {Ontology-driven data integration for railway asset monitoring applications},
}

@book{Uddin2013,
  author = {Uddin, Waheed and Hudson, W Ronald and Haas, Ralph},
  publisher = {McGraw-Hill Education},
  date = {2013},
  title = {Public infrastructure asset management},
}

@article{uggla2021towards,
  author = {Uggla, G. and Horemuz, M.},
  date = {2021},
  doi = {10.1016/j.autcon.2021.103839},
  journaltitle = {Automation in construction},
  title = {Towards synthesized training data for semantic segmentation of mobile laser scanning point clouds: {Generating} level crossings from real and synthetic point cloud samples},
  volume = {130},
  publisher = {Elsevier},
}

@article{valero2018automatic,
  author = {Valero, Enrique and Bosché, Frédéric and Forster, Alan},
  publisher = {Elsevier},
  date = {2018},
  journaltitle = {Automation in Construction},
  pages = {29--39},
  title = {Automatic segmentation of {3D} point clouds of rubble masonry walls, and its application to building surveying, repair and maintenance},
  volume = {96},
  doi = {10.1016/j.autcon.2018.08.018},
}

@article{VasilevskiBirt21,
  author = {Vasilevski, Nikolche and Birt, James},
  publisher = {Frontiers Media S.A.},
  date = {2021-09},
  doi = {10.3389/frvir.2021.713718},
  journaltitle = {Frontiers in Virtual Reality},
  title = {Human-centered design science research evaluation for gamified augmented reality},
  volume = {2},
}

@inproceedings{Vaswani.17,
  author = {Vaswani, Ashish and Shazeer, Noam and Parmar, Niki and Uszkoreit, Jakob and Jones, Llion and Gomez, Aidan N. and Kaiser, Łukasz and Polosukhin, Illia},
  crossref = {nips31},
  pages = {6000--6010},
  title = {Attention is all you need},
}

@thesis{verburg2022exploring,
  author = {Verburg, Floris M.},
  institution = {University of Twente},
  url = {https://essay.utwente.nl/89440/},
  date = {2022},
  title = {Exploring explainability and robustness of point cloud segmentation deep learning model by visualization},
  type = {bathesis},
}

@online{covidence,
  author = {{Veritas Health Innovation}},
  url = {www.covidence.org},
  title = {Covidence systematic review software},
  urldate = {2023-02-02},
}

@thesis{vieth2022point,
  author = {Vieth, Zino J.},
  institution = {University of Twente},
  url = {http://essay.utwente.nl/89565/},
  date = {2022},
  title = {Point cloud classification and segmentation of catenary systems},
  type = {bathesis},
}

@article{Vincke19,
  author = {Vincke, S. and prefix={de},family={Lima Hernandez},given={R.} and Bassier, M. and Vergauwen, M.},
  publisher = {ISPRS},
  journaltitle = {International Archives of the Photogrammetry, Remote Sensing and Spatial Information Sciences},
  date = {2019-09},
  doi = {10.5194/isprs-archives-XLII-5-W2-77-2019},
  pages = {77--83},
  title = {Immersive visualisation of construction site point cloud data, meshes and {BIM} models in a {VR} environment using a gaming engine},
  volume = {XLII-5/W2},
}

@article{Vock2019,
  author = {Vock, Richard and Dieckmann, Alexander and Ochmann, Sebastian and Klein, Reinhard},
  date = {2019},
  doi = {10.1016/j.cag.2018.12.007},
  journaltitle = {Computers \& Graphics},
  pages = {36--45},
  title = {Fast template matching and pose estimation in {3D} point clouds},
  volume = {79},
}

@inproceedings{dsvt,
  author = {Wang, Haiyang and Shi, Chen and Shi, Shaoshuai and Lei, Meng and Wang, Sen and He, Di and Schiele, Bernt and Wang, Liwei},
  publisherNO = {IEEE},
  booktitle = {IEEE/CVF Conference on Computer Vision and Pattern Recognition (CVPR)},
  eventdate = {2023-06-17/2023-06-24},
  location = {Vancouver, BC, Canada},
  doi = {10.1109/CVPR52729.2023.01299},
  title = {{DSVT}: {Dynamic} sparse voxel transformer with rotated sets},
}

@article{WangP18,
  author = {Wang, Peng and Wu, Peng and Wang, Jun and Chi, Hung Lin and Wang, Xiangyu},
  publisher = {MDPI},
  date = {2018-06},
  doi = {10.3390/ijerph15061204},
  journaltitle = {International Journal of Environmental Research and Public Health},
  title = {A critical review of the use of virtual reality in construction engineering education and training},
  volume = {15},
  number = {6},
  eid = {1204},
}

@article{wang2017cnn,
  author = {Wang, Pengshuai and Liu, Yang and Guo, Yuxiao and Sun, Chunyu and Tong, Xin},
  publisher = {ACM},
  date = {2017},
  journaltitle = {ACM Transactions on Graphics},
  number = {4},
  title = {{O-CNN}: {Octree}-based convolutional neural networks for {3D} shape analysis},
  volume = {36},
  doi = {10.1145/3072959.3073608},
}

@article{wang2019Applications,
  author = {Wang, Qian and Kim, Min-Koo},
  date = {2019-01},
  doi = {10.1016/j.aei.2019.02.007},
  journaltitle = {Advanced Engineering Informatics},
  pages = {306--319},
  title = {Applications of {3D} point cloud data in the construction industry: {A} fifteen-year review from 2004 to 2018},
  volume = {39},
}

@inproceedings{Wang.18,
  author = {Wang, X. and Girshick, R. and Gupta, A. and He, K.},
  publisherNO = {IEEE},
  booktitle = {IEEE/CVF Conference on Computer Vision and Pattern Recognition (CVPR)},
  eventdate = {2018-06-18/2018-06-23},
  location = {Salt Lake City, UT, USA},
  doi = {10.1109/CVPR.2018.00813},
  pages = {7794--7803},
  title = {Non-local neural networks},
}

@article{WangYanyun19,
  author = {Wang, Yanjun and Chen, Qi and Zhu, Qing and Liu, Lin and Li, Chaokui and Zheng, Dunyong},
  publisher = {MDPI},
  date = {2019-06},
  doi = {10.3390/rs11131540},
  volume = {11},
  number = {13},
  eid = {1540},
  journaltitle = {Remote Sensing},
  title = {A Survey of mobile laser scanning applications and key techniques over urban areas},
}

@article{dgcnn19,
  author = {Wang, Yue and Sun, Yongbin and Liu, Ziwei and Sarma, Sanjay E. and Bronstein, Michael M. and Solomon, Justin M.},
  publisher = {Association for Computing Machinery},
  date = {2019-10},
  doi = {10.1145/3326362},
  journaltitle = {ACM Transactions on Graphics},
  volume = {38},
  number = {5},
  title = {Dynamic graph {CNN} for learning on point clouds},
}

@article{WangY16,
  author = {Wang, Yutao and Feng, Hsi-Yung},
  date = {2016},
  doi = {10.1016/j.optlaseng.2016.01.003},
  journaltitle = {Optics and Lasers in Engineering},
  pages = {35--45},
  title = {Effects of scanning orientation on outlier formation in {3D} laser scanning of reflective surfaces},
  volume = {81},
}

@article{wang2022farnet,
  author = {Wang, Z. and Yu, G. and Chen, P. and Zhou, B. and Yang, S.},
  date = {2022},
  doi = {10.1109/TITS.2021.3119900},
  journaltitle = {IEEE Transactions on Intelligent Transportation Systems},
  number = {8},
  pages = {13118--13126},
  title = {{FarNet}: {An} attention-aggregation network for long-range rail track point cloud segmentation},
  volume = {23},
}

@article{WangZhiPeng23,
  author = {Wang, Zhipeng and Geng, Yixuan and Jia, Limin and Qin, Yong and Chai, Yuanyuan and Tong, Lei and Liu, Keyan},
  publisher = {IEEE},
  date = {2023},
  doi = {10.1109/TITS.2023.3281352},
  journaltitle = {IEEE Transactions on Intelligent Transportation Systems},
  title = {Self-attentive local aggregation learning with prototype guided regularization for point cloud semantic segmentation of high-speed railways},
  volume = {24},
  number = {10},
}

@article{Westoby12,
  author = {Westoby, M. J. and Brasington, J. and Glasser, N. F. and Hambrey, M. J. and Reynolds, J. M.},
  date = {2012-12},
  doi = {10.1016/j.geomorph.2012.08.021},
  journaltitle = {Geomorphology},
  pages = {300--314},
  title = {`{Structure-from-Motion}' photogrammetry: {A} low-cost, effective tool for geoscience applications},
  volume = {179},
}

@inproceedings{wolf2021asset,
  author = {Wolf, Johannes and Richter, Rico and Döllner, Jürgen},
  publisherNO = {SciTePress},
  booktitle = {16th International Joint Conference on Computer Vision, Imaging and Computer Graphics Theory and Applications (VISIGRAPP)},
  eventdate = {2021-02-08/2021-02-10},
  location = {Online Only},
  doi = {10.5220/0010314704650470},
  pages = {465--470},
  title = {Asset detection in railroad environments using deep learning-based scanline analysis},
  volume = {4},
}

@misc{whuRail3D,
  author = {{Wuhan University}},
  url = {https://github.com/WHU-USI3DV/WHU-Railway3D},
  date = {2023},
  title = {{WHU-Railway3D}: A Diverse Dataset and Benchmark for Railway Point Cloud Semantic Segmentation},
}

@article{xu2021vehicle-born,
  author = {Xu, L. and Zheng, S. and Na, J. and Yang, Y. and Mu, C. and Shi, D.},
  date = {2021},
  doi = {10.3390/rs13234939},
  journaltitle = {Remote Sensing},
  volume = {13},
  number = {23},
  eid = {4939},
  title = {A vehicle-borne mobile mapping system based framework for semantic segmentation and modeling on overhead catenary system using deep learning},
}

@article{xu2021voxel,
  author = {Xu, Yusheng and Tong, Xiaohua and Stilla, Uwe},
  date = {2021},
  doi = {10.1016/j.autcon.2021.103675},
  journaltitle = {Automation in Construction},
  eid = {103675},
  title = {Voxel-based representation of {3D} point clouds: {Methods}, applications, and its potential use in the construction industry},
  volume = {126},
}

@article{second18,
  author = {Yan, Yan and Mao, Yuxing and Li, Bo},
  publisher = {MDPI},
  date = {2018-10},
  doi = {10.3390/s18103337},
  volume = {18},
  number = {10},
  eid = {3337},
  journaltitle = {Sensors},
  title = {{SECOND}: Sparsely embedded convolutional detection},
}

@article{yang2014automated,
  author = {Yang, B. and Fang, L.},
  date = {2014},
  doi = {10.1109/JSTARS.2014.2312378},
  journaltitle = {IEEE Journal of Selected Topics in Applied Earth Observations and Remote Sensing},
  number = {12},
  pages = {4750--4761},
  title = {Automated extraction of {3D} railway tracks from mobile laser scanning point clouds},
  volume = {7},
}

@inproceedings{YinBerger17,
  author = {Yin, Hang and Berger, Christian},
  publisherNO = {IEEE},
  booktitle = {20th International Conference on Intelligent Transportation Systems (ITSC)},
  eventdate = {2017-10-16/2017-10-19},
  location = {Yokohama, Japan},
  doi = {10.1109/ITSC.2017.8317828},
  title = {When to use what data set for your self-driving car algorithm: {An} overview of publicly available driving datasets},
}

@inproceedings{centerpoint,
  author = {Yin, Tianwei and Zhou, Xingyi and Krähenbühl, Philipp},
  publisherNO = {IEEE},
  booktitle = {IEEE/CVF Conference on Computer Vision and Pattern Recognition (CVPR)},
  eventdate = {2021-06-20/2021-06-25},
  location = {Nashville, TN, USA},
  doi = {10.1109/CVPR46437.2021.01161},
  pages = {11779--11788},
  title = {Center-based {3D} object detection and tracking},
}

@article{yu2022real-time,
  author = {Yu, X. and He, W. and Qian, X. and Yang, Y. and Zhang, T. and Ou, L.},
  date = {2022},
  doi = {10.1088/1361-6501/ac750c},
  journaltitle = {Measurement Science and Technology},
  number = {10},
  title = {Real-time rail recognition based on {3D} point clouds},
  volume = {33},
}

@inproceedings{zeng20183dcontextnet,
  author = {Zeng, Wei and Gevers, Theo},
  booktitle = {Proceedings of the European Conference on Computer Vision (ECCV) Workshops},
  eventdate = {2018-09-08/2018-09-14},
  location = {Munich, Germany},
  title = {{3DContextNet}: {K-d} tree guided hierarchical learning of point clouds using local and global contextual cues},
  pages = {314--330},
  doi = {10.1007/978-3-030-11015-4_24},
}

@article{keqi.03,
  author = {Zhan, K. and Chen, S. and Whitman, D. and Shyu, M. and Yan, J. and Zhang, C.},
  date = {2003-04},
  doi = {10.1109/TGRS.2003.810682},
  journaltitle = {IEEE Transactions on Geoscience and Remote Sensing},
  number = {4},
  pages = {872--882},
  title = {A progressive morphological filter for removing nonground measurements from airborne {LiDAR} data},
  volume = {41},
}

@article{zhang2019review,
  author = {Zhang, Jiaying and Zhao, Xiaoli and Chen, Zheng and Lu, Zhejun},
  publisher = {IEEE},
  date = {2019},
  journaltitle = {IEEE Access},
  pages = {179118--179133},
  title = {A review of deep learning-based semantic segmentation for point cloud},
  volume = {7},
  doi = {10.1109/ACCESS.2019.2958671},
}

@article{zhang22,
  author = {Zhang, Lele and Wang, Jinhu and Shen, Yueqian and Liang, Jian and Chen, Yuyu and Chen, Linsheng and Zhou, Mei},
  date = {2022},
  doi = {10.3390/rs14205272},
  journaltitle = {Remote Sensing},
  volume = {14},
  number = {20},
  eid = {5272},
  title = {A deep learning based method for railway overhead wire reconstruction from airborne {LiDAR} data},
}

@article{pointhop20,
  author = {Zhang, Min and You, Haoxuan and Kadam, Pranav and Liu, Shan and Kuo, C.-C. Jay},
  date = {2020-07},
  doi = {10.1109/TMM.2019.2963592},
  journaltitle = {IEEE Transactions on Multimedia},
  number = {7},
  pages = {1744--1755},
  title = {{PointHop}: {An} explainable machine learning method for point cloud classification},
  volume = {22},
}

@article{zhang2016automatic,
  author = {Zhang, S. and Wang, C. and Yang, Z. and Chen, Y. and Li, J.},
  date = {2016},
  doi = {10.5194/isprs-archives-XLI-B5-615-2016},
  journaltitle = {International Archives of the Photogrammetry, Remote Sensing and Spatial Information Sciences},
  pages = {615--619},
  title = {Automatic railway power line extraction using mobile laser scanning data},
  volume = {XLI-B5},
}

@article{csf.16,
  author = {Zhang, Wuming and Qi, Jianbo and Wan, Peng and Wang, Hongtao and Xie, Donghui and Wang, Xiaoyan and Yan, Guangjian},
  date = {2016-06},
  doi = {10.3390/rs8060501},
  volume = {8},
  number = {6},
  eid = {501},
  journaltitle = {Remote Sensing},
  title = {An easy-to-use airborne {LiDAR} data filtering method based on cloth simulation},
}

@inproceedings{depthcontrast21,
  author = {Zhang, Zaiwei and Girdhar, Rohit and Joulin, Armand and Misra, Ishan},
  publisherNO = {IEEE},
  booktitle = {IEEE/CVF International Conference on Computer Vision (IC\-CV)},
  eventdate = {2021-10-10/2021-10-17},
  location = {Montreal, QC, Canada},
  doi = {10.1109/ICCV48922.2021.01009},
  pages = {10232--10243},
  title = {Self-supervised pretraining of {3D} features on any point-cloud},
}

@inproceedings{zhang2022mm,
  author = {Zhang, Zicheng and Sun, Wei and Min, Xiongkuo and Zhou, Quan and He, Jun and Wang, Qiyuan and Zhai, Guangtao},
  booktitle = {Proceedings of the 32nd International Joint Conference on Artificial Intelligence (IJAI)},
  eventdate = {2023-08-19/2023-08-25},
  location = {Macao, China},
  title = {{MM-PCQA}: {Multi-modal} learning for no-reference point cloud quality assessment},
  doi = {10.24963/ijcai.2023/195},
}

@inproceedings{Zhao.20,
  author = {Zhao, Hengshuang and Jiang, Li and Jia, Jiaya and Torr, Philip H.S. and Koltun, Vladlen},
  booktitle = {Proceedings of the IEEE/CVF International Conference on Computer Vision (ICCV)},
  eventdate = {2021-10-10/2021-10-17},
  location = {Montreal, QC, Canada},
  pages = {16239--16248},
  title = {{Point Transformer}},
  doi = {10.1109/ICCV48922.2021.01595},
}

@inproceedings{ZhongDan20,
  author = {Zhong, Dan and Zhang, Tonggang and Kan, Yuhui and Xie, Fugui},
  publisherNO = {IOS Press},
  booktitle = {Proceedings of the 7th International Symposium on Innovation \& Sustainability of Modern Railway (ISMR)},
  series = {Advances in Transdisciplinary Engineering},
  eventdate = {2020-10-23/2020-10-25},
  location = {Nanchang, Jiangxi, China},
  doi = {10.3233/ATDE200239},
  pages = {264--272},
  title = {The fast and continuous railway clearance inspection algorithm based on vehicle {LiDAR} point cloud},
  volume = {14},
}



@inproceedings{ZhouPan20,
  author = {Zhou, Pan and Feng, Jiashi and Ma, Chao and Xiong, Caiming and Hoi, Steven},  
  crossref = {nips34},
  volume = {26},
  pages = {21285--21296},
  title = {Towards theoretically understanding why {SGD} generalizes better than {Adam} in deep learning},
}


@inproceedings{voxelnet18,
  author = {Zhou, Yin and Tuzel, Oncel},
  publisherNO = {IEEE},
  booktitle = {IEEE/CVF Conference on Computer Vision and Pattern Recognition (CVPR)},
  eventdate = {2018-06-18/2018-06-23},
  location = {Salt Lake City, UT, USA},
  doi = {10.1109/CVPR.2018.00472},
  pages = {4490--4499},
  title = {{VoxelNet}: {End-to-end} learning for point cloud based {3D} object detection},
}

@article{zhu2014the,
  author = {Zhu, Lingli and Hyyppa, Juha},
  date = {2014},
  doi = {10.3390/rs6043075},
  journaltitle = {Remote Sensing},
  title = {The use of airborne and mobile laser scanning for modeling railway environments in {3D}},
  volume = {6},
  number = {4},
  pages = {3075--3100},
}

@inproceedings{Zimmerman07,
  author = {Zimmerman, John and Forlizzi, Jodi and Evenson, Shelley},
  publisherNO = {ACM},
  booktitle = {Proceedings of the SIGCHI Conference on Human Factors in Computing Systems (CHI)},
  eventdate = {2007-04-28/2007-05-03},
  location = {San Jose, CA, USA},
  doi = {10.1145/1240624.1240704},
  pages = {493--502},
  title = {Research through design as a method for interaction design research in {HCI}},
}

@article{zou2019efficient,
  author = {Zou, Rong and Fan, Xiaoyun and Qian, Chuang and Ye, Wenfang and Zhao, Peng and Tang, Jian and Liu, Hui},
  date = {2019},
  doi = {10.3390/rs11242929},
  journaltitle = {Remote Sensing},
  title = {An efficient and accurate method for different configurations railway extraction based on mobile laser scanning},
  volume = {11},
  number = {24},
  eid = {2929},
}

@article{allen2019credit,
  author = {Liz Allen and Alison {O’Connell} and Veronique Kiermer},
  title = {How can we ensure visibility and diversity in research contributions? {How} the {Contributor} {Role} {Taxonomy} ({CRediT}) is helping the shift from authorship to contributorship},  
  date = {2019},
  journaltitle = {Learned Publishing},
  volume = {32},
  number = {1},
  pages = {71--74},
  doi = {10.1002/leap.1210},
}

@article{schmidt2008sankey,
  author = {Mario Schmidt},
  title = {The {Sankey} diagram in energy and material flow management},
  subtitle = {Part I: History},
  date = {2008-02},
  journaltitle = {Journal of Industrial Ecology},
  volume = {12},
  number = {1},
  pages = {82--94},
  doi = {10.1111/j.1530-9290.2008.00004.x},
}

@proceedings{nips31,
  title = {Advances in Neural Information Processing Systems 30},
  shorttitle = {NIPS},
  subtitle = {31st Annual Conference on Neural Information Processing Systems},
  editor = {given={Ulrike},prefix={von},family={Luxburg} and Samy Bengio and Rob Fergus and Roman Garnett and Isabelle Guyon and Hanna Wallach and S.V.N. Vishwanathan},
  publisher = {Curran Associates Inc.},
  isbn = {9781510860964},
  eventdate = {2017-12-04/2017-12-09},
  location = {Long Beach, CA, USA},
  options = {dataonly},
}

@proceedings{nips33,
  title = {Advances in Neural Information Processing Systems 32},
  shorttitle = {NeurIPS},  
  subtitle = {33rd Conference on Neural Information Processing Systems},
  publisher = {Curran Associates, Inc.},
  isbn = {9781713807933},
  eventdate = {2019-12-08/2019-12-14},
  location = {Vancouver, BC, Canada},
  options = {dataonly},  
}

@proceedings{nips34,
  title = {Advances in Neural Information Processing Systems 33},
  shorttitle = {NeurIPS},
  subtitle = {34th Conference on Neural Information Processing Systems},
  publisher = {Curran Associates Inc.},
  isbn = {9781713829546},  
  eventdate = {2020-12-06/2020-12-12},
  location = {Online Only},
  options = {dataonly},  
}